@inproceedings{lodhi-ghazali,
 author = {Lodhi, Fakhar and Ghazali, Muhammad Ahmad},
 title = {Design of a simple and effective object-to-relational mapping technique},
 booktitle = {SAC '07: Proceedings of the 2007 ACM symposium on Applied computing},
 year = {2007},
 isbn = {1-59593-480-4},
 pages = {1445--1449},
 location = {Seoul, Korea},
 doi = {http://doi.acm.org.proxy.ub.uni-frankfurt.de/10.1145/1244002.1244312},
 publisher = {ACM},
 address = {New York, NY, USA},
 }

@article{ambler-persistence-layer,
	author = {S W Ambler},
	title = {The Design of a Robust Persistence Layer For Relational Databases},
	journal = {AmbySoft Inc. White Paper},
	year = {1998}
}

@manual{hibernate,
  title =        {Hibernate: Relational Persistence for Java \& .NET},
  organization = {JBoss Community},
  year =         {2010},
  url =          {\url{http://www.hibernate.org/}}
}

@manual{hibernate-documentation,
  title =        {Hibernate},
  organization = {JBoss Community},
  year  =        {2010},
  url =          {\url{http://docs.jboss.org/hibernate/stable/core/reference/en/html/inheritance.html}}
}

@manual{kohana,
  title =        {Kohana},
  organization = {Kohana Team},
  year =         {2010},
  url =          {\url{http://www.kohanaphp.com/}}
}

@manual{kohana-documentation,
  title =        {Kohana Documentation},
  organization = {Kohana Team},
  year =         {2010},
  url =          {\url{http://docs.kohanaphp.com/}}
}


@manual{doctrine,
  title =        {Doctrine: Object Relational Mapper},
  organization = {Doctrine Project},
  year =         {2010},
  url =          {\url{http://www.doctrine-project.org/projects/orm}}
}

@manual{propel,
 title =         {Propel: Smart, easy object persistence},
 organization =  {The Propel project},
 year =          {2006-2010},
 url =           {\url{http://www.propelorm.org/}}
}

@manual{doctrine-documentation,
  title =        {Doctrine Documentation},
  organization = {Doctrine Project},
  year =         {2010},
  url =          {\url{http://www.doctrine-project.org/projects/orm/2.0/docs/en}}
}

@manual{cache-intersystems,
  title =        {Intersystems Caché},
  organization = {Intersystems},
  year =         {2010},
  url =          {\url{http://www.intersystems.de/cache/index.html}}
}

@manual{cache-jalapeno,
 title =         {Intersystems Plain Old Java Persistence With Caché (Jalapeño)},
 organization =  {Intersystems},
 year =          {2006},
 url =           {\url{http://www.intersystems.com/cache/whitepapers/jalapeno.html}}
 }

@manual{oracle-db-object-relational-guide,
  title =        {Oracle Database Object-Relational Developer's Guide 11g Release 1 (11.1)},
  organization = {Oracle},
  year =         {2008},
  url =          {\url{http://download.oracle.com/docs/cd/B28359_01/appdev.111/b28371/toc.htm}}
}

@manual{toplink-documentation,
 title =         {Oracle Fusion Middleware Developer's Guide for Oracle TopLink 11g Release 1 (11.1.1)},
 organization =  {Oracle},
 year =          {2009},
 url =           {\url{http://download.oracle.com/docs/cd/E14571_01/web.1111/b32441/toc.htm}}
}

@manual{db2-object-relational-highlight,
  title =         {DB2's object-relational highlights: User-defined structured types and object views in DB2},
  organization =  {IBM},
  year =          {2001},
  url =           {\url{http://www.ibm.com/developerworks/data/library/techarticle/zeidenstein/0108zeidenstein.html}}
}

@manual{sql-server-2008,
  title =         {What’s New in SQL Server 2008},
  year         =  {2009},
  organization =  {Microsoft},
  url =           {\url{http://www.microsoft.com/sqlserver/2008/en/us/whats-new.aspx}}
}

@inproceedings{cook-whats-the-problem,
    author = {William R. Cook and Ali H. Ibrahim},
    title = {Integrating programming languages and databases: What is the problem},
    booktitle = {ODBMS.ORG, Expert Article},
    year = {2005}
}

@article{Keene04dataservices,
	author = {C Keene},
	title = {Data Services for Next-Generation SOAs},
	journal = {SOA WebServices Journal},
	year = {2004},
	number = {4},
        volume = {1},
	pages = {2004}
}

@inproceedings{Neward06thevietnam,
    author = {Ted Neward},
    title = {The Vietnam of Computer Science},
    year = {2006},
    booktitle = {ODBMS.ORG, News},
    url = {\url{http://www.odbms.org/About/News/20070521.aspx}}
}

@manual{ormeter.net,
  title        =  {ORM Comparison and Benchmarks on ORMBattle.NET},
  organization =  {ORMBattle.NET Team},
  year =          {2009},
  url =           {\url{http://www.ormeter.net}}
}

@incollection {comparative-study-orm-tools,
   author = {Cvetković, Stevica and Janković, Dragan},
   affiliation = {Faculty of Electronic Engineering, Aleksandra Medvedeva 14, 18000 Niš, Serbia},
   title = {A Comparative Study of the Features and Performance of ORM Tools in a .NET Environment},
   booktitle = {Objects and Databases},
   series = {Lecture Notes in Computer Science},
   editor = {Dearle, Alan and Zicari, Roberto},
   publisher = {Springer Berlin / Heidelberg},
   isbn = {},
   pages = {147-158},
   volume = {6348},
   url = {http://dx.doi.org/10.1007/978-3-642-16092-9\_14},
   note = {10.1007/978-3-642-16092-9\_14},
   year = {2010}
}

@inproceedings{Bernstein99context-basedprefetch,
    author = {Philip A. Bernstein and Shankar Pal and David Shutt},
    title = {Context-Based Prefetch for Implementing Objects on Relations},
    booktitle = {In Proceedings of the 25th International Conference on Very Large Data Bases},
    year = {1999},
    pages = {327--338},
    publisher = {Morgan Kaufmann}
}

@inproceedings{1247581,
 author = {Linskey, Patrick Connor and Prud'hommeaux, Marc},
 title = {An in-depth look at the architecture of an object/relational mapper},
 booktitle = {SIGMOD '07: Proceedings of the 2007 ACM SIGMOD international conference on Management of data},
 year = {2007},
 isbn = {978-1-59593-686-8},
 pages = {889--894},
 location = {Beijing, China},
 doi = {http://doi.acm.org.proxy.ub.uni-frankfurt.de/10.1145/1247480.1247581},
 publisher = {ACM},
 address = {New York, NY, USA},
 }
 

@inproceedings{171541,
 author = {Keller, Arthur M. and Jensen, Richard and Agarwal, Shailesh},
 title = {Persistence software: bridging object-oriented programming and relational databases},
 booktitle = {SIGMOD '93: Proceedings of the 1993 ACM SIGMOD international conference on Management of data},
 year = {1993},
 isbn = {0-89791-592-5},
 pages = {523--528},
 location = {Washington, D.C., United States},
 doi = {http://doi.acm.org.proxy.ub.uni-frankfurt.de/10.1145/170035.171541},
 publisher = {ACM},
 address = {New York, NY, USA},
 }


@inproceedings{1326021,
 author = {Gil, Joseph (Yossi) and Lenz, Keren},
 title = {Eliminating impedance mismatch in C++},
 booktitle = {VLDB '07: Proceedings of the 33rd international conference on Very large data bases},
 year = {2007},
 isbn = {978-1-59593-649-3},
 pages = {1386--1389},
 location = {Vienna, Austria},
 publisher = {VLDB Endowment},
 }


@inproceedings{meijer-linq-visual-basic,
 author = {Meijer, Erik},
 title = {There is no impedance mismatch: (language integrated query in visual basic 9)},
 booktitle = {OOPSLA '06: Companion to the 21st ACM SIGPLAN symposium on Object-oriented programming systems, languages, and applications},
 year = {2006},
 isbn = {1-59593-491-X},
 pages = {710--711},
 location = {Portland, Oregon, USA},
 doi = {http://doi.acm.org/10.1145/1176617.1176686},
 publisher = {ACM},
 address = {New York, NY, USA},
 }


@article{ordbms-the-road-ahead,
 author = {Devarakonda, Ramakanth Subrahmanya},
 title = {Object-relational database systems --- the road ahead},
 journal = {Crossroads},
 volume = {7},
 number = {3},
 year = {2001},
 issn = {1528-4972},
 pages = {15--18},
 doi = {http://doi.acm.org.proxy.ub.uni-frankfurt.de/10.1145/367884.367895},
 publisher = {ACM},
 address = {New York, NY, USA},
 }

@book{ordbms-the-next-wave,
 author = {Stonebraker, Michael and Moore, Dorothy},
 title = {Object Relational DBMSs: The Next Great Wave},
 year = {1995},
 isbn = {1558603972},
 publisher = {Morgan Kaufmann Publishers Inc.},
 address = {San Francisco, CA, USA},
}


@inproceedings{611923,
 author = {Urban, Susan D. and Dietrich, Suzanne W.},
 title = {Using UML class diagrams for a comparative analysis of relational, object-oriented, and object-relational database mappings},
 booktitle = {SIGCSE '03: Proceedings of the 34th SIGCSE technical symposium on Computer science education},
 year = {2003},
 isbn = {1-58113-648-X},
 pages = {21--25},
 location = {Reno, Navada, USA},
 doi = {http://doi.acm.org.proxy.ub.uni-frankfurt.de/10.1145/611892.611923},
 publisher = {ACM},
 address = {New York, NY, USA},
 }


@inproceedings{1632169,
 author = {van Zyl, Pieter and Kourie, Derrick G. and Coetzee, Louis and Boake, Andrew},
 title = {The influence of optimisations on the performance of an object relational mapping tool},
 booktitle = {SAICSIT '09: Proceedings of the 2009 Annual Research Conference of the South African Institute of Computer Scientists and Information Technologists},
 year = {2009},
 isbn = {978-1-60558-643-4},
 pages = {150--159},
 location = {Vanderbijlpark, Emfuleni, South Africa},
 doi = {http://doi.acm.org.proxy.ub.uni-frankfurt.de/10.1145/1632149.1632169},
 publisher = {ACM},
 address = {New York, NY, USA},
 }


@article{russel-bridging,
 author = {Russell, Craig},
 title = {Bridging the Object-Relational Divide},
 journal = {Queue},
 volume = {6},
 number = {3},
 year = {2008},
 issn = {1542-7730},
 pages = {18--28},
 doi = {http://doi.acm.org.proxy.ub.uni-frankfurt.de/10.1145/1394127.1394139},
 publisher = {ACM},
 address = {New York, NY, USA},
 }

@article{orm-dynamic-languages,
 author = {Richardson, Chris},
 title = {ORM in Dynamic Languages},
 journal = {Queue},
 volume = {6},
 issue = {3},
 month = {May},
 year = {2008},
 issn = {1542-7730},
 pages = {28--37},
 numpages = {10},
 url = {http://doi.acm.org/10.1145/1394127.1394140},
 doi = {http://doi.acm.org/10.1145/1394127.1394140},
 acmid = {1394140},
 publisher = {ACM},
 address = {New York, NY, USA},
}


@inproceedings{162911,
 author = {Sutherland, Jeff and Pope, Matthew and Rugg, Ken},
 title = {The Hybrid Object-Relational Architecture (HORA): an integration of object-oriented and relational technology},
 booktitle = {SAC '93: Proceedings of the 1993 ACM/SIGAPP symposium on Applied computing},
 year = {1993},
 isbn = {0-89791-567-4},
 pages = {326--333},
 location = {Indianapolis, Indiana, United States},
 doi = {http://doi.acm.org.proxy.ub.uni-frankfurt.de/10.1145/162754.162911},
 publisher = {ACM},
 address = {New York, NY, USA},
 }


@article{234902,
 author = {D'Andrea, Albert and Janus, Phil},
 title = {UniSQL's next-generation object-relational database management system},
 journal = {SIGMOD Rec.},
 volume = {25},
 number = {3},
 year = {1996},
 issn = {0163-5808},
 pages = {70--76},
 doi = {http://doi.acm.org.proxy.ub.uni-frankfurt.de/10.1145/234889.234902},
 publisher = {ACM},
 address = {New York, NY, USA},
 }


@inproceedings{1411740,
 author = {Pohjalainen, Pietu and Taina, Juha},
 title = {Self-configuring object-to-relational mapping queries},
 booktitle = {PPPJ '08: Proceedings of the 6th international symposium on Principles and practice of programming in Java},
 year = {2008},
 isbn = {978-1-60558-223-8},
 pages = {53--59},
 location = {Modena, Italy},
 doi = {http://doi.acm.org.proxy.ub.uni-frankfurt.de/10.1145/1411732.1411740},
 publisher = {ACM},
 address = {New York, NY, USA},
 }


@article{248614,
 author = {Fong, Joseph},
 title = {Converting relational to object-oriented databases},
 journal = {SIGMOD Rec.},
 volume = {26},
 number = {1},
 year = {1997},
 issn = {0163-5808},
 pages = {53--58},
 doi = {http://doi.acm.org.proxy.ub.uni-frankfurt.de/10.1145/248603.248614},
 publisher = {ACM},
 address = {New York, NY, USA},
 }


@article{248615,
 author = {Ramanathan, Shekar and Hodges, Julia},
 title = {Extraction of object-oriented structures from existing relational databases},
 journal = {SIGMOD Rec.},
 volume = {26},
 number = {1},
 year = {1997},
 issn = {0163-5808},
 pages = {59--64},
 doi = {http://doi.acm.org.proxy.ub.uni-frankfurt.de/10.1145/248603.248615},
 publisher = {ACM},
 address = {New York, NY, USA},
 }


@inproceedings{62098,
 author = {Duhl, Joshua and Damon, Craig},
 title = {A performance comparison of object and relational databases using the Sun Benchmark},
 booktitle = {OOPSLA '88: Conference proceedings on Object-oriented programming systems, languages and applications},
 year = {1988},
 isbn = {0-89791-284-5},
 pages = {153--163},
 location = {San Diego, California, United States},
 doi = {http://doi.acm.org.proxy.ub.uni-frankfurt.de/10.1145/62083.62098},
 publisher = {ACM},
 address = {New York, NY, USA},
 }

@article{1379389,
 author = {Winslett, Marianne},
 title = {Jim Gray speaks out: on chasing the object-relational rainbow, why performance is a nonissue, bad ideas that went good, reinventing the field, sailboats, lunatic fringe papers, whether to try for a home run, and more},
 journal = {SIGMOD Rec.},
 volume = {37},
 number = {2},
 year = {2008},
 issn = {0163-5808},
 pages = {5--15},
 doi = {http://doi.acm.org.proxy.ub.uni-frankfurt.de/10.1145/1379387.1379389},
 publisher = {ACM},
 address = {New York, NY, USA},
 }


@inproceedings{170061,
 author = {Ananthanarayanan, R. and Gottemukkala, V. and Kaefer, W. and Lehman, T. J. and Pirahesh, H.},
 title = {Using the co-existence approach to achieve combined functionality of object-oriented and relational systems},
 booktitle = {SIGMOD '93: Proceedings of the 1993 ACM SIGMOD international conference on Management of data},
 year = {1993},
 isbn = {0-89791-592-5},
 pages = {109--118},
 location = {Washington, D.C., United States},
 doi = {http://doi.acm.org.proxy.ub.uni-frankfurt.de/10.1145/170035.170061},
 publisher = {ACM},
 address = {New York, NY, USA},
}

@inproceedings{zyl-performance-odbms-orm,
 author = {van Zyl, Pieter and Kourie, Derrick G. and Boake, Andrew},
 title = {Comparing the performance of object databases and ORM tools},
 booktitle = {SAICSIT '06: Proceedings of the 2006 annual research conference of the South African institute of computer scientists and information technologists on IT research in developing countries},
 year = {2006},
 isbn = {1-59593-567-3},
 pages = {1--11},
 location = {Somerset West, South Africa},
 doi = {http://doi.acm.org.proxy.ub.uni-frankfurt.de/10.1145/1216262.1216263},
 publisher = {South African Institute for Computer Scientists and Information Technologists},
 address = {, Republic of South Africa},
 }


@inproceedings{1247532,
 author = {Melnik, Sergey and Adya, Atul and Bernstein, Philip A.},
 title = {Compiling mappings to bridge applications and databases},
 booktitle = {SIGMOD '07: Proceedings of the 2007 ACM SIGMOD international conference on Management of data},
 year = {2007},
 isbn = {978-1-59593-686-8},
 pages = {461--472},
 location = {Beijing, China},
 doi = {http://doi.acm.org.proxy.ub.uni-frankfurt.de/10.1145/1247480.1247532},
 publisher = {ACM},
 address = {New York, NY, USA},
 }

@article{10.1109/TOOLS.1999.787606,
author = {F&#225;bio A.M. Porto and S&#233;rgio R. Carvalho and Maur&#237;cio J. Vianna de Silva and Rubens N. Melo},
title = {Persistent Object Synchronization with Active Relational Databases},
journal ={Technology of Object-Oriented Languages, International Conference on},
volume = {0},
isbn = {0-7695-0278-4},
year = {1999},
pages = {53},
doi = {http://doi.ieeecomputersociety.org/10.1109/TOOLS.1999.787606},
publisher = {IEEE Computer Society},
address = {Los Alamitos, CA, USA},
}

@inproceedings{1376773,
 author = {O'Neil, Elizabeth J.},
 title = {Object/relational mapping 2008: hibernate and the entity data model (edm)},
 booktitle = {SIGMOD '08: Proceedings of the 2008 ACM SIGMOD international conference on Management of data},
 year = {2008},
 isbn = {978-1-60558-102-6},
 pages = {1351--1356},
 location = {Vancouver, Canada},
 doi = {http://doi.acm.org.proxy.ub.uni-frankfurt.de/10.1145/1376616.1376773},
 publisher = {ACM},
 address = {New York, NY, USA},
 }


@article{classification,
author = {Christopher Ireland and David Bowers and Michael Newton and Kevin Waugh},
title = {A Classification of Object-Relational Impedance Mismatch},
journal ={Advances in Databases, First International Conference on},
volume = {0},
isbn = {978-0-7695-3550-0},
year = {2009},
pages = {36-43},
doi = {http://doi.ieeecomputersociety.org/10.1109/DBKDA.2009.11},
publisher = {IEEE Computer Society},
address = {Los Alamitos, CA, USA},
}

@article{1815938,
 author = {Arenas, Marcelo and P\'{e}rez, Jorge and Reutter, Juan and Riveros, Cristian},
 title = {Composition and inversion of schema mappings},
 journal = {SIGMOD Rec.},
 volume = {38},
 number = {3},
 year = {2009},
 issn = {0163-5808},
 pages = {17--28},
 doi = {http://doi.acm.org.proxy.ub.uni-frankfurt.de/10.1145/1815933.1815938},
 publisher = {ACM},
 address = {New York, NY, USA},
 }

@article{248615,
 author = {Ramanathan, Shekar and Hodges, Julia},
 title = {Extraction of object-oriented structures from existing relational databases},
 journal = {SIGMOD Rec.},
 volume = {26},
 number = {1},
 year = {1997},
 issn = {0163-5808},
 pages = {59--64},
 doi = {http://doi.acm.org.proxy.ub.uni-frankfurt.de/10.1145/248603.248615},
 publisher = {ACM},
 address = {New York, NY, USA},
 }

@article{212007,
 author = {Fong, Joseph},
 title = {Mapping extended entity relationship model to object modeling technique},
 journal = {SIGMOD Rec.},
 volume = {24},
 number = {3},
 year = {1995},
 issn = {0163-5808},
 pages = {18--22},
 doi = {http://doi.acm.org.proxy.ub.uni-frankfurt.de/10.1145/211990.212007},
 publisher = {ACM},
 address = {New York, NY, USA},
 }


@article{what-ever-happened-to-odbmss,
author = {Neal Leavitt},
title = {Whatever Happened to Object-Oriented Databases?},
journal ={Computer},
volume = {33},
issn = {0018-9162},
year = {2000},
pages = {16-19},
doi = {http://doi.ieeecomputersociety.org/10.1109/MC.2000.10067},
publisher = {IEEE Computer Society},
address = {Los Alamitos, CA, USA},
}

@MISC{odbms-manifesto,
    author = {Malcolm Atkinson and François Bancilhon and David DeWitt and Klaus Dittrich and David Maier and Stanley Zdonik},
    title = {The Object-Oriented Database System Manifesto},
    year = {1989}
}